@misc{dictionary1989oxford,
  title={Oxford: Oxford University Press},
  author={Dictionary, Oxford English},
  year={1989}
}


